% This file was created with JabRef 2.6.
% Encoding: Cp1252

@BOOK{,
  title = {Sensor fusion-based middleware for assisted living. In: Nugent},
  publisher = {IOS Press},
  year = {2006},
  author = {Coyle, L., Neely, S., Rey, G., Stevenson, G., Sullivan, M., Dobson,
	S., Nixon, P.},
  owner = {Bogdan Manate},
  timestamp = {2011.05.14}
}

@BOOK{Dobson2005,
  title = {Human computer interaction and
	
	interactive systems. LNCS},
  publisher = {Springer},
  year = {2005},
  editor = {Heidelberg},
  author = {Dobson, S., Nixon, P},
  owner = {Bogdan Manate},
  timestamp = {2011.05.12}
}

@ARTICLE{Hightower2006,
  author = {Hightower, J., LaMarca, A., Smith, I},
  title = {Practical lessons from PlaceLab},
  journal = {IEEE Pervasive
	
	Computing 5},
  year = {2006},
  owner = {Bogdan Manate},
  timestamp = {2011.05.12}
}

@ARTICLE{Kephart2003,
  author = {Kephart, J., Chess, D.},
  title = {The vision of autonomic computing},
  journal = {IEEE Computer 36},
  year = {2003},
  owner = {Bogdan Manate},
  timestamp = {2011.05.12}
}

@ARTICLE{SimonDobson,
  author = {Simon Dobson, Paddy Nixon},
  title = {Whole-System Programming of Adaptive
	
	Ambient Intelligence},
  journal = {Systems Research Group},
  owner = {Bogdan Manate},
  timestamp = {2011.05.12}
}

@comment{jabref-meta: selector_publisher:}

@comment{jabref-meta: selector_author:}

@comment{jabref-meta: selector_journal:}

@comment{jabref-meta: selector_keywords:}

