% This file was created with JabRef 2.6.
% Encoding: Cp1252

@ARTICLE{AgentDesignPatterns:ElementsofAgentApplicationDesign1998,
  author = {Yariv Aridor and Danny B. Lange},
  title = {Agent Design Patterns: Elements of Agent Application Design},
  journal = {Proceedings of the International Conference on Autonomous Agents},
  year = {1998},
  owner = {Bogdan Manate},
  timestamp = {2011.06.28}
}

@ARTICLE{,
  author = {T. Bejan},
  title = {Sistem de simulare si monitorizare a consumului energetic in mediul
	rezidential},
  year = {2011},
  owner = {Bogdan Manate},
  timestamp = {2011.06.29}
}

@ARTICLE{Bellifemine2006,
  author = {Bellifemine, F., Caire, G., Trucco, T.},
  title = {JADE Adminstirators Guide},
  journal = {GmbH},
  year = {2006},
  owner = {Bogdan Manate},
  timestamp = {2011.06.28}
}

@BOOK{Coyle2006,
  title = {Sensor fusion-based middleware for assisted living. In: Nugent},
  publisher = {IOS Press},
  year = {2006},
  author = {Coyle, L., Neely, S., Rey, G., Stevenson, G., Sullivan, M., Dobson,
	S., Nixon, P.},
  owner = {Bogdan Manate},
  timestamp = {2011.05.14}
}

@ARTICLE{DobsonS2007,
  author = {Dobson, S., Coyle, L., Nixon, P.},
  title = {Hybridising events and knowledge as a basis for building autonomic
	systems},
  journal = {Journal of Autonomic and Trusted Computing},
  year = {2007},
  owner = {Bogdan Manate},
  timestamp = {2011.06.28}
}

@BOOK{Dobson2005,
  title = {Human computer interaction and interactive systems. LNCS},
  publisher = {Springer},
  year = {2005},
  editor = {Heidelberg},
  author = {Dobson, S., Nixon, P},
  owner = {Bogdan Manate},
  timestamp = {2011.05.12}
}

@ARTICLE{Pattern-OrientedSoftwareArchitecture:ASystemofPatterns1996,
  author = {F. Buschmann, R. Meunier, H. Rohnert, P. Sommerlad and M. Stal},
  title = {Pattern-Oriented Software Architecture: A System of Patterns},
  journal = {John Wiley \& Sons},
  year = {1996},
  owner = {Bogdan Manate},
  timestamp = {2011.06.28}
}

@ARTICLE{TheUnifiedModelingLanguageUserGuide1999,
  author = {G. Booch, J. Rumbaugh, and I. Jacobson},
  title = {The Unified Modeling Language User Guide},
  journal = {Addison-Wesley},
  year = {1999},
  owner = {Bogdan Manate},
  timestamp = {2011.06.28}
}

@ARTICLE{AnIntegerProgrammngModelforAsssigningUnmannedAirVehiclestoTasks2006,
  author = {Hennebry, Michael J., Kamel, Ahmed, and Kendall E. Nygard},
  title = {An Integer Programmng Model for Asssigning Unmanned Air Vehicles
	to Tasks},
  journal = {Kluwer Academic Publishers},
  year = {2006},
  owner = {Bogdan Manate},
  timestamp = {2011.06.28}
}

@ARTICLE{Hightower2006,
  author = {Hightower, J., LaMarca, A., Smith, I},
  title = {Practical lessons from PlaceLab},
  journal = {IEEE Pervasive Computing 5},
  year = {2006},
  owner = {Bogdan Manate},
  timestamp = {2011.05.12}
}

@ARTICLE{James2002,
  author = {James, O.},
  title = {Object and Agents Compared.},
  journal = {Journal of Object Technology},
  year = {2002},
  owner = {Bogdan Manate},
  timestamp = {2011.06.28}
}

@ARTICLE{Agent-OrientedSoftwareEngineering2000,
  author = {Jennings, N., Wooldridge, M.},
  title = {Agent-Oriented Software Engineering},
  journal = {9th European Workshop on Modeling Autonomous Agents in a Multi-Agent
	World},
  year = {2000},
  owner = {Bogdan Manate},
  timestamp = {2011.06.28}
}

@ARTICLE{DesignComponents:TowardsSoftwareCompositionattheDesignLevel1998,
  author = {Rudolf K. Keller and Reinhard Schauer},
  title = {Design Components: Towards Software Composition at the Design Level},
  journal = {20th International Conference on Software Engineering},
  year = {1998},
  owner = {Bogdan Manate},
  timestamp = {2011.06.28}
}

@ARTICLE{Kephart2003,
  author = {Kephart, J., Chess, D.},
  title = {The vision of autonomic computing},
  journal = {IEEE Computer 36},
  year = {2003},
  owner = {Bogdan Manate},
  timestamp = {2011.05.12}
}

@ARTICLE{AnOrganizationalPerspectiveonMulti-agentArcitectures2001,
  author = {Kolp, M., Giorgini, P., and Mylopoulos, J.},
  title = {An Organizational Perspective on Multi-agent Arcitectures},
  journal = {8th Int. Workshop on Agent Theories, Architectures, and Languages},
  year = {2001},
  owner = {Bogdan Manate},
  timestamp = {2011.06.28}
}

@ARTICLE{Agent-BasedSoftwareDevelopment2004,
  author = {Luck, M., Ashri, R., D Inverno, M.},
  title = {Agent-Based Software Development},
  journal = {Artech House},
  year = {2004},
  owner = {Bogdan Manate},
  timestamp = {2011.06.28}
}

@ARTICLE{Agent-orientedSimulationofCooperativeUAVMissions2006,
  author = {Lundell, M., Tang, J., Hogan, T., and Nygard, K.E},
  title = {Agent-oriented Simulation of Cooperative UAV Missions},
  journal = {WSEAS Transactions on Systems},
  year = {2006},
  owner = {Bogdan Manate},
  timestamp = {2011.06.28}
}

@ARTICLE{AMulti-agentDesignforSenseandRespondLogistics2007,
  author = {Lundell, M., Xu, D., Tolliver, D., and Nygard, K.E.},
  title = {A Multi-agent Design for Sense and Respond Logistics},
  journal = {computer science, North Dakota State University},
  year = {2007},
  owner = {Bogdan Manate},
  timestamp = {2011.06.28}
}

@ARTICLE{DynamicServiceCompositioninAmbientIntelligenceEnvironments:aMulti-AgentApproach2005,
  author = {Mathieu Vall´ee, Fano Ramparany, and Laurent Vercouter},
  title = {Dynamic Service Composition in Ambient Intelligence Environments:
	a Multi-Agent Approach},
  journal = {First European Young Researcher Workshop on Service-Oriented Computing},
  year = {2005},
  owner = {Bogdan Manate},
  timestamp = {2011.06.28}
}

@ARTICLE{AClassificationandComparisonFrameworkforSoftwareArchitectureDescriptionLanguages2000,
  author = {Medvidovec, N., and Taylor, R},
  title = {A Classification and Comparison Framework for Software Architecture
	Description Languages},
  journal = {IEEE Transactions on Software Engineering},
  year = {2000},
  owner = {Bogdan Manate},
  timestamp = {2011.06.28}
}

@ARTICLE{BlackboardModelofProblemSolving1986,
  author = {H. Penny Nii},
  title = {Blackboard Model of Problem Solving},
  journal = {The AI Magazine},
  year = {1986},
  owner = {Bogdan Manate},
  timestamp = {2011.06.28}
}

@ARTICLE{AlternativeControlMethodologiesForPatrollingAssetsWithUnmannedAirVehicles2007,
  author = {Nygard, K. E., Altenburg, K., Tang, J., Schesvold, D., and Pikalek,
	J.},
  title = {Alternative Control Methodologies For Patrolling Assets With Unmanned
	Air Vehicles},
  journal = {World Scientific Series on Computers and Operations Research},
  year = {2007},
  owner = {Bogdan Manate},
  timestamp = {2011.06.28}
}

@ARTICLE{TheReflectiveBlackboardArchitecturalPatternforDevelopingLargeScaleMulti-AgentSystems2002,
  author = {Otavio Silva, Alessandro Garcia, and Carlos Lucena},
  title = {The Reflective Blackboard Architectural Pattern for Developing Large
	Scale Multi-Agent Systems},
  journal = {First International Workshop on Software Engineering for Large-Scale
	Multi-Agent Systems},
  year = {2002},
  owner = {Bogdan Manate},
  timestamp = {2011.06.28}
}

@ARTICLE{APattern-BasedApproachtoStructuralDesignComposition1999,
  author = {Paulo Alencar, Donald Cowan, Jing Dong, and Carlos Lucena},
  title = {A Pattern-Based Approach to Structural Design Composition},
  journal = {IEEE 23rd Annual International Computer Software \& Applications
	Conference},
  year = {1999},
  owner = {Bogdan Manate},
  timestamp = {2011.06.28}
}

@ARTICLE{Acaseforgoalorientedprogrammingsemantics2003,
  author = {Saif, U., Pham, H., Paluska, J.M., Waterman, J., Terman, C., Ward,
	S.},
  title = {A case for goal oriented programming semantics},
  journal = {5th International Conference on Ubiquitous Computing},
  year = {2003},
  owner = {Bogdan Manate},
  timestamp = {2011.06.28}
}

@ARTICLE{SoftwareArchitecture:PerspectivesonanEmergingDiscipline1995,
  author = {Mary Shaw and David Garlan},
  title = {Software Architecture: Perspectives on an Emerging Discipline},
  journal = {Prentice Hall},
  year = {1995},
  owner = {Bogdan Manate},
  timestamp = {2011.06.28}
}

@ARTICLE{Evaluationofmodellingtechniquesforagent-orientedsystems2001,
  author = {Shehory, O., Sturm, A.},
  title = {Evaluation of modelling techniques for agent-oriented systems},
  journal = {Fifth International Conference on Autonomous Agents},
  year = {2001},
  owner = {Bogdan Manate},
  timestamp = {2011.06.28}
}

@ARTICLE{SimonDobson,
  author = {Simon Dobson, Paddy Nixon},
  title = {Whole-System Programming of Adaptive Ambient Intelligence},
  journal = {Systems Research Group},
  owner = {Bogdan Manate},
  timestamp = {2011.05.12}
}

@ARTICLE{TheZNotation:AReferenceManual1992,
  author = {Spivey, J.},
  title = {The Z Notation: A Reference Manual},
  journal = {Prentice Hall},
  year = {1992},
  owner = {Bogdan Manate},
  timestamp = {2011.06.28}
}

@ARTICLE{,
  author = {V. Negru, O. Aritoni},
  title = {Middleware for sensors data processing based on multi-agent model},
  year = {2010},
  owner = {Bogdan Manate},
  timestamp = {2011.06.29}
}

@ARTICLE{Self-HealingSensorNetworkswithDistributedDecisionMaking2007,
  author = {X. Du, M. Zhang, K. Nygard, M. Guizani, and H. H. Chen},
  title = {Self-Healing Sensor Networks with Distributed Decision Making},
  journal = {International Journal of Sensor Networks},
  year = {2007},
  owner = {Bogdan Manate},
  timestamp = {2011.06.28}
}

@ARTICLE{Knowledge-BasedHuman-AgentTeamworkforDistributedTraining2006,
  author = {Xu, D., Volz, R.A., Miller, M.S., and Plymale, J.},
  title = {Knowledge-Based Human-Agent Teamwork for Distributed Training},
  journal = {International Journal of Intelligent Control and Systems},
  year = {2006},
  owner = {Bogdan Manate},
  timestamp = {2011.06.28}
}

@ARTICLE{FormalAspect-OrientedModelingandAnalysisbyAspectZ2005,
  author = {Yu, H., Liu, D., Yang, L., He, X.},
  title = {Formal Aspect-Oriented Modeling and Analysis by AspectZ},
  journal = {International Conference on Software Engineering and Knowledge Engineering},
  year = {2005},
  owner = {Bogdan Manate},
  timestamp = {2011.06.28}
}

@comment{jabref-meta: selector_publisher:}

@comment{jabref-meta: selector_author:}

@comment{jabref-meta: selector_journal:}

@comment{jabref-meta: selector_keywords:}

