@article{Developing multi-agent systems with JADE, 
    author = {Fabio Belifemine},
    title= {Developing multi-agent systems with JADE},
    note = {Version 2},
    year = {2007}
}
@article{Developing multi-agent systems with JADE, 
    author = {Fabio Belifemine},
    title= {Developing multi-agent systems with JADE},
    note = {Version 2},
    year = {2007}
}
@article{Developing multi-agent systems with JADE, 
    author = {Fabio Belifemine},
    title= {Developing multi-agent systems with JADE},
    note = {Version 2},
    year = {2007}
}